@unpublished{Endrulat,
    title={Die konforme {Lie-Superalgebra} gebildet zur~{$\mathfrak{so}(4|2)$}},
    author={Dennis Endrulat},
    year={2019},
    note={Master's thesis, Universit{\"a}t Heidelberg}
}

@unpublished{Butson-unpub,
    title={Omega backgrounds and boundary theories in twisted supersymmetric gauge theories},
    author={Dylan Butson},
    note={in preparation},
    year={2019}
}

@article{Jeong,
  title={{SCFT/VOA} correspondence via {$\Omega$}-deformation},
  author={Jeong, Saebyeok},
  archivePrefix={arXiv},
  primaryClass={hep-th},
  eprint={1904.00927},
  year={2019}
}

@article{SCA,
      title={Superconformal algebras and holomorphic field theories},
  author={Saberi, Ingmar and Williams, Brian R},
 archivePrefix={arXiv},
 primaryClass={math-ph},
 eprint={1910.04120},
  year={2019}
}

@article{CederwallM5,
      title={Spinorial cohomology and maximally supersymmetric theories},
  author={Cederwall, Martin and Nilsson, Bengt E. W. and Tsimpis, Dimitrios},
  journal={Journal of High Energy Physics},
  volume={2002},
  number={02},
  pages={009},
  year={2002},
  publisher={IOP Publishing}
}

@article{CederwallM5top,
  title={A note on topological {M5}-branes and string-fivebrane duality},
  author={Bao, Ling and Cederwall, Martin and Nilsson, Bengt EW},
  journal={Journal of High Energy Physics},
  volume={2008},
  number={06},
  pages={100},
  year={2008},
  publisher={IOP Publishing}
}

@article{CederwallM5-action,
      title={An action for the super-5-brane in {$D= 11$} supergravity},
  author={Cederwall, Martin and Nilsson, Bengt E. W. and Sundell, Per},
  journal={Journal of High Energy Physics},
  volume={1998},
  number={04},
  pages={007},
  year={1998},
  publisher={IOP Publishing}
}

@article{Guven,
  title={Black {$p$}-brane solutions of {$D= 11$} supergravity theory},
  author={G{\"u}ven, Rahmi},
  journal={Physics Letters B},
  volume={276},
  number={1-2},
  pages={49--55},
  year={1992},
  publisher={Elsevier}
}

@article{ElliottAbelian,
  title={Abelian Duality for Generalized {Maxwell} Theories},
  author={Elliott, Chris},
  journal={Mathematical Physics, Analysis, and Geometry},
  volume={22},
  number={4},
  pages={22},
  year={2019},
  publisher={Springer}
}

@article{BakGustavsson,
  title={{Witten} indices of abelian {M5} brane on {$\R \times S^5$}},
  author={Bak, Dongsu and Gustavsson, Andreas},
  journal={Journal of High Energy Physics},
  volume={2016},
  number={11},
  pages={177},
  year={2016},
  publisher={Springer}
}

@article{WittenM5,
  title={Fivebrane effective action in {$M$}-theory},
  author={Witten, Edward},
  journal={Journal of Geometry and Physics},
  volume={22},
  number={2},
  pages={103--133},
  year={1997},
  publisher={Elsevier}
}

@book{CostelloBook,
  title={Renormalization and effective field theory},
  author={Costello, Kevin},
  number={170},
  year={2011},
  series={Mathematical Surveys and Monographs},
  publisher={American Mathematical Society}
}



@incollection{BV,
  title={Gauge algebra and quantization},
  author={Batalin, Igor A. and Vilkovisky, Grigori A.},
  booktitle={Quantum Gravity},
  pages={463--480},
  year={1984},
  publisher={Springer}
}

@article{YuSC,
  title={Scale invariance vs conformal invariance},
  author={Nakayama, Yu},
  journal={Physics Reports},
  volume={569},
  pages={1--93},
  year={2015},
  publisher={Elsevier}
}

@article{SC,
  title={On scale and conformal invariance in four dimensions},
  author={Dymarsky, Anatoly and Komargodski, Zohar and Schwimmer, Adam and Theisen, Stefan},
  journal={Journal of High Energy Physics},
  volume={2015},
  number={10},
  pages={171},
  year={2015},
  publisher={Springer}
}

@article{SecondaryOps,
  title={Secondary products in supersymmetric field theory},
  author={Beem, Christopher and Ben-Zvi, David and Bullimore, Mathew and Dimofte, Tudor and Neitzke, Andrew},
  archivePrefix={arXiv},
  primaryClass={hep-th},
      eprint={1809.00009},
  year={2018}
}

@article{Kapustin,
      title={Holomorphic reduction of {$\N= 2$} gauge theories, {Wilson--'t~Hooft} operators, and {$S$}-duality},
  author={Kapustin, Anton},
  archivePrefix={arXiv}, 
  primaryClass={hep-th},
      eprint={0612119},
  year={2006}
}

@article{BPZ,
      title={Infinite conformal symmetry in two-dimensional quantum field theory},
  author={Belavin, Alexander A and Polyakov, Alexander M and Zamolodchikov, Alexander B},
  journal={Nuclear Physics B},
  volume={241},
  number={2},
  pages={333--380},
  year={1984},
  publisher={Elsevier}
}

@article{OhYagi,
      title={Chiral algebras from {$\Omega$}-deformation},
  author={Oh, Jihwan and Yagi, Junya},
  archivePrefix={arXiv},
      eprint={1903.11123},
      primaryClass={hep-th},
  year={2019}
}

@unpublished{CIB,
    author={Elliott, Chris and Saberi, Ingmar and Williams, Brian R.},
    note={Work in progress}
}

@article{ISBW,
  title={Twisted characters and holomorphic symmetries},
  author={Saberi, Ingmar and Williams, Brian R.},
  eprint={1906.04221},
  archivePrefix={arXiv},
  primaryClass={math-ph},
  year={2019}
}

@article{Johansen,
      title={Twisting of {$\N= 1$} supersymmetric gauge theories and heterotic topological theories},
  author={Johansen, Andrei},
  journal={International Journal of Modern Physics A},
  volume={10},
  number={30},
  pages={4325--4357},
  year={1995},
  publisher={World Scientific}
}

@article{JohansenAlg,
  title={Infinite conformal algebras in supersymmetric theories on four-manifolds},
  author={Johansen, Andrei},
  journal={Nuclear Physics B},
  volume={436},
  number={1-2},
  pages={291--341},
  year={1995},
  publisher={Elsevier}
}

@book{CosRenorm,
    AUTHOR = {Costello, Kevin},
     TITLE = {Renormalization and effective field theory},
    SERIES = {Mathematical Surveys and Monographs},
    VOLUME = {170},
 PUBLISHER = {American Mathematical Society},
   ADDRESS = {Providence, RI},
      YEAR = {2011},
      ISBN = {978-0-8218-5288-0},
   MRCLASS = {81T15 (58Jxx 81T70)},
  MRNUMBER = {2778558},
}

@article {CostelloHolomorphic,
    AUTHOR = {Costello, Kevin},
     TITLE = {Notes on supersymmetric and holomorphic field theories in
              dimensions 2 and 4},
   JOURNAL = {Pure Appl. Math. Q.},
  FJOURNAL = {Pure and Applied Mathematics Quarterly},
    VOLUME = {9},
      YEAR = {2013},
    NUMBER = {1},
     PAGES = {73--165},
      ISSN = {1558-8599},
   MRCLASS = {81R40 (81Q60 81T13)},
  MRNUMBER = {3126501},
MRREVIEWER = {Domenico Fiorenza},
       DOI = {10.4310/PAMQ.2013.v9.n1.a3},
}


@article{LiVertex,
  title={Vertex algebras and quantum master equation},
  author={Li, Si},
  eprint={1612.01292},
  archivePrefix={arXiv},
  primaryClass={math.QA},
  year={2016}
}


@article{Osborn,
  title={{$\N= 1$} superconformal symmetry in four-dimensional quantum field theory},
  author={Osborn, Hugh},
  journal={Annals of Physics},
  volume={272},
  number={2},
  pages={243--294},
  year={1999},
  publisher={Elsevier}
}


@book{GriffithsHarris,
  title={Principles of algebraic geometry},
  author={Griffiths, Phillip and Harris, Joseph},
  year={2014},
  publisher={John Wiley {\&} Sons}
}

@article{HoweWest,
  title={Superconformal {Ward} identities and {$\N= 2$} {Yang--Mills} theory},
  author={Howe, Paul S. and West, Peter C.},
  journal={Nuclear Physics B},
  volume={486},
  number={1-2},
  pages={425--442},
  year={1997},
  publisher={Elsevier}
}

@article{Slansky,
      title={Group theory for unified model building},
  author={Slansky, Richard},
  journal={Physics Reports},
  volume={79},
  number={1},
  pages={1--128},
  year={1981},
  publisher={Elsevier}
}

@article{Wil-vir,
      title={The {Virasoro} vertex algebra and factorization algebras on {Riemann} surfaces},
  author={Williams, Brian R.},
  journal={Letters in Mathematical Physics},
  volume={107},
  number={12},
  pages={2189--2237},
  year={2017},
  publisher={Springer}
}

@book{CFTbook,
  title={Conformal field theory},
  author={Francesco, Philippe and Mathieu, Pierre and S{\'e}n{\'e}chal, David},
  year={2012},
  publisher={Springer Science \& Business Media}
}
}       

@article{LVW,
  title={Chiral rings in {$\N= 2$} superconformal theories},
  author={Lerche, Wolfgang and Vafa, Cumrun and Warner, Nicholas P},
  journal={Nuclear Physics B},
  volume={324},
  number={2},
  pages={427--474},
  year={1989},
  publisher={Elsevier}
}

@article{GukovGadde,
  title={2d index and surface operators},
  author={Gadde, Abhijit and Gukov, Sergei},
  journal={Journal of High Energy Physics},
  volume={2014},
  number={3},
  pages={80},
  year={2014},
  publisher={Springer}
}

@article{Kolya,
  title={Chiral algebras in {Landau--Ginzburg} models},
  author={Dedushenko, Mykola},
  journal={Journal of High Energy Physics},
  volume={2018},
  number={3},
  pages={79},
  year={2018},
  publisher={Springer}
}

@article{JohansenHolo,
  title={Twisting of {$\N=1$} supersymmetric gauge theories and heterotic topological theories},
  author={Johansen, Andrei},
  journal={International Journal of Modern Physics A},
  volume={10},
  number={30},
  pages={4325--4357},
  year={1995},
  publisher={World Scientific}
}

@article{WittenCDO,
  title={Two-dimensional models with $(0,2)$ supersymmetry: Perturbative aspects},
  author={Witten, Edward},
  journal={Advances in Theoretical and Mathematical Physics},
  volume={11},
  number={1},
  pages={1--63},
  year={2007}
}

@article{BBBDN,
  title={Secondary products in supersymmetric field theory},
  author={Beem, Christopher and Ben-Zvi, David and Bullimore, Mathew and Dimofte, Tudor and Neitzke, Andrew},
  archivePrefix={arXiv},
  primaryclass={hep-th},
  eprint={1809.00009},
  year={2018}
}

@article{CY4,
  title={Holomorphic field theories and {Calabi--Yau} algebras},
  author={Eager, Richard and Saberi, Ingmar},
  archivePrefix = {arXiv},
  primaryclass = {hep-th},
  eprint={1805.02084},
  journal={International Journal of Modern Physics A},
  year={2019}
}

@article{Schwarz-BV,
  title={Geometry of {Batalin--Vilkovisky} quantization},
  author={Schwarz, Albert},
  journal={Communications in Mathematical Physics},
  volume={155},
  number={2},
  pages={249--260},
  year={1993},
  publisher={Springer}
}

@incollection{Cederwall,
  title={Pure spinor superfields: an overview},
  author={Cederwall, Martin},
  booktitle={Breaking of Supersymmetry and Ultraviolet Divergences in Extended Supergravity},
  pages={61--93},
  year={2014},
  publisher={Springer}
}

@article{CostelloLi,
  title={Twisted supergravity and its quantization},
  author={Costello, Kevin and Li, Si},
  eprint={1606.00365},
  archivePrefix = {arXiv},
  primaryclass = {hep-th},
  year={2016}
}
@article{NV,
  title={Nilpotence varieties},
  author={Eager, Richard and Saberi, Ingmar and Walcher, Johannes},
  eprint={1807.03766},
  archivePrefix = {arXiv},
  primaryclass = {hep-th},
  year={2018}
}

@article{ChrisPavel,
  title={Topological twists of supersymmetric algebras of observables},
  author={Elliott, Chris and Safronov, Pavel},
  journal={Communications in Mathematical Physics},
  pages={1--60},
  year={2018},
  publisher={Springer}
}

@article {BWhol,
    AUTHOR = {Williams, Brian R.},
     TITLE = {Renormalization for holomorphic field theories},
   JOURNAL = {Comm. Math. Phys.},
  FJOURNAL = {Communications in Mathematical Physics},
    VOLUME = {374},
      YEAR = {2020},
    NUMBER = {3},
     PAGES = {1693--1742},
      ISSN = {0010-3616},
   MRCLASS = {81T17 (32C99 32L81)},
  MRNUMBER = {4076086},
       DOI = {10.1007/s00220-020-03693-5},
       URL = {https://doi.org/10.1007/s00220-020-03693-5},
}

@book {Wthesis,
    AUTHOR = {Williams, Brian R.},
     TITLE = {Holomorphic sigma-models and their symmetries},
      NOTE = {Thesis (Ph.D.)--Northwestern University},
       URL = {https://web.northeastern.edu/brwilliams/wp-content/uploads/2018/10/thesisweb.pdf},
}

@article{FHK,
  title={Higher {Kac--Moody} algebras and moduli spaces of {$G$}-bundles},
  author={Faonte, Giovanni and Hennion, Benjamin and Kapranov, Mikhail},
  journal={Advances in Mathematics},
  volume={346},
  pages={389--466},
  year={2019},
  publisher={Elsevier}
}

@book {CG1,
    AUTHOR = {Costello, Kevin and Gwilliam, Owen},
     TITLE = {Factorization algebras in quantum field theory. {V}ol. 1},
    SERIES = {New Mathematical Monographs},
    VOLUME = {31},
 PUBLISHER = {Cambridge University Press, Cambridge},
      YEAR = {2017},
     PAGES = {ix+387},
      ISBN = {978-1-107-16310-2},
   MRCLASS = {81-01 (17B69 18D50 53D55 81R05 81R10)},
  MRNUMBER = {3586504},
       DOI = {10.1017/9781316678626},
}

@unpublished {CG2,
   AUTHOR = {Costello, Kevin and Gwilliam, Owen},
     TITLE = {Factorization algebras in quantum field theory. {V}ol. 2},
 NOTE = {available at \url{http://people.mpim-bonn.mpg.de/gwilliam}},
}

@article{BPS-SS,
  title={Sequencing {BPS} spectra},
  author={Gukov, Sergei and Nawata, Satoshi and Saberi, Ingmar and Sto{\v{s}}i{\'c}, Marko and Su{\l}kowski, Piotr},
  journal={Journal of High Energy Physics},
  volume={2016},
  number={3},
  pages={4},
  year={2016},
  publisher={Springer}
}

@article{Witten-LG,
  title={On the {Landau--Ginzburg} description of {$\N=2$} minimal models},
  author={Witten, Edward},
  journal={International Journal of Modern Physics A},
  volume={9},
  number={27},
  pages={4783--4800},
  year={1994},
  publisher={World Scientific}
}

@article{GWkm,
  title={Higher {Kac--Moody} algebras and symmetries of holomorphic field theories},
  author={Gwilliam, Owen and Williams, Brian R.},
  archiveprefix = {arXiv},
  Primaryclass = {math.QA},
  eprint={1810.06534},
  year={2018}
}

@article{Baulieu-susy,
  title={{Batalin--Vilkovisky} analysis of supersymmetric systems},
  author={Baulieu, Laurent and Bellon, Marc and Ouvry, Stephane and Wallet, Jean-Christophe},
  journal={Physics Letters B},
  volume={252},
  number={3},
  pages={387--394},
  year={1990},
  publisher={Elsevier}
}

@article {BaulieuCS,
    AUTHOR = {Baulieu, Laurent},
     TITLE = {{$SU(5)$}-invariant decomposition of ten-dimensional
              {Yang--M}ills supersymmetry},
   JOURNAL = {Phys. Lett. B},
  FJOURNAL = {Physics Letters. B. Particle Physics, Nuclear Physics and
              Cosmology},
    VOLUME = {698},
      YEAR = {2011},
    NUMBER = {1},
     PAGES = {63--67},
      ISSN = {0370-2693},
   MRCLASS = {81T60 (81T13)},
  MRNUMBER = {2780444},
MRREVIEWER = {Axel Maas},
       DOI = {10.1016/j.physletb.2010.12.044},
}

@book{Gasper,
  title={Basic hypergeometric series},
  author={Gasper, George and Rahman, Mizan},
  year={2004},
  publisher={Cambridge University Press}
}

@article{Closset,
  title={From rigid supersymmetry to twisted holomorphic theories},
  author={Closset, Cyril and Dumitrescu, Thomas T. and Festuccia, Guido and Komargodski, Zohar},
  journal={Physical Review D},
  volume={90},
  number={8},
  pages={085006},
  year={2014},
  publisher={APS}
}


@article{Closset1,
  title={The {$\N = 1$} chiral multiplet on~{$T^2\times S^2$} and supersymmetric localization},
  author={Closset, Cyril and Shamir, Itamar},
  journal={Journal of High Energy Physics},
  volume={2014},
  number={3},
  pages={40},
  year={2014},
  publisher={Springer}
}

@article{Closset2,
  title={The geometry of supersymmetric partition functions},
  author={Closset, Cyril and Dumitrescu, Thomas T. and Festuccia, Guido and Komargodski, Zohar},
  journal={Journal of High Energy Physics},
  volume={2014},
  number={1},
  pages={124},
  year={2014},
  publisher={Springer}
}

@article {WittenTwist,
    AUTHOR = {Witten, Edward},
     TITLE = {Topological quantum field theory},
   JOURNAL = {Comm. Math. Phys.},
  FJOURNAL = {Communications in Mathematical Physics},
    VOLUME = {117},
      YEAR = {1988},
    NUMBER = {3},
     PAGES = {353--386},
      ISSN = {0010-3616},
   MRCLASS = {57R55 (58A10 58F30 58G30 81E99)},
  MRNUMBER = {953828},
MRREVIEWER = {Daniel S. Freed},
}

@article {CostelloHol,
    AUTHOR = {Costello, Kevin},
     TITLE = {Notes on supersymmetric and holomorphic field theories in
              dimensions 2 and 4},
   JOURNAL = {Pure Appl. Math. Q.},
  FJOURNAL = {Pure and Applied Mathematics Quarterly},
    VOLUME = {9},
      YEAR = {2013},
    NUMBER = {1},
     PAGES = {73--165},
      ISSN = {1558-8599},
   MRCLASS = {81R40 (81Q60 81T13)},
  MRNUMBER = {3126501},
MRREVIEWER = {Domenico Fiorenza},
       DOI = {10.4310/PAMQ.2013.v9.n1.a3},
}

@unpublished {CostelloLiSUGRA,
    AUTHOR = {Costello, Kevin and Li, Si},
    TITLE = {Twisted supergravity and its quantization},
    NOTE = {Available at \url{https://arxiv.org/abs/1606.00365}}
}

@unpublished {CostelloMtheory1,
    AUTHOR = {Costello, Kevin},
    TITLE = {Holography and {K}oszul duality: the example of the {M}2 brane},
    NOTE = {Available at \url{https://arxiv.org/abs/1705.02500}}
   }
   
@unpublished {CostelloMtheory2,
    AUTHOR = {Costello, Kevin},
    TITLE = {{M}-theory in the {O}mega-background and 5-dimensional non-commutative gauge theory},
    NOTE = {Available at \url{https://arxiv.org/abs/1610.04144}}
   }

@unpublished {CostelloLiTypeI,
    AUTHOR = {Costello, Kevin and Li, Si},
    TITLE = {Anomaly cancellation in the topological string},
    NOTE = {Available at \url{https://arxiv.org/abs/1905.09269}}
   }
   
   @unpublished {ACMV,
    AUTHOR = {Aganagic, Mina and Costello, Kevin and McNamara, Jacob and Vafa, Cumrun},
    TITLE = {Topological {Chern--Simons}/Matter Theories},
    NOTE = {Available at \url{https://arxiv.org/abs/1706.09977}}
   }
   
   @unpublished{Butson,
   AUTHOR = {Butson, Dylan},
   TITLE = {},
   NOTE = {To appear}
   }
   
@unpublished{LWY,
   AUTHOR = {Li, Si and Williams, Brian and Yoo, Philsang},
   TITLE = {Two-dimensional chiral theories and factorization algebras},
   NOTE = {To appear}
   }
   

@article{ESW, 
   AUTHOR = {Elliott, Chris and Safronov, Pavel and Williams, Brian},
   TITLE = {A taxonomy of twists of supersymmetric {Yang--Mills} theory},
   eprint={2002.10517},
   archivePrefix={arXiv},
   primaryClass={math-ph},
   }
   
@article {NekCFT,
    AUTHOR = {Losev, Andrei and Moore, Gregory and Nekrasov, Nikita and
              Shatashvili, Samson},
     TITLE = {Four-di\-men\-sion\-al avatars of two-di\-men\-sion\-al {RCFT}},
      NOTE = {$S$-duality and mirror symmetry (Trieste, 1995)},
   JOURNAL = {Nuclear Physics B Proc.\ Suppl.},
  FJOURNAL = {Nuclear Physics B. Proceedings Supplement},
    VOLUME = {46},
      YEAR = {1996},
     PAGES = {130--145},
      ISSN = {0920-5632},
   MRCLASS = {81T70 (32G81 58Z05 81T13 81T40)},
  MRNUMBER = {1411466},
MRREVIEWER = {Bruce Hunt},
       DOI = {10.1016/0920-5632(96)00015-1},
}

@article {NekChiral,
    AUTHOR = {Losev, Andrei and Moore, Gregory and Nekrasov, Nikita and
              Shatashvili, Samson},
     TITLE = {Chiral {L}agrangians, anomalies, supersymmetry, and
              holomorphy},
   JOURNAL = {Nuclear Physics B},
  FJOURNAL = {Nuclear Physics. B. Theoretical, Phenomenological, and
              Experimental High Energy Physics. Quantum Field Theory and
              Statistical Systems},
    VOLUME = {484},
      YEAR = {1997},
    NUMBER = {1-2},
     PAGES = {196--222},
      ISSN = {0550-3213},
   MRCLASS = {81T50 (81T40)},
  MRNUMBER = {1431695},
MRREVIEWER = {P. Mitra},
       DOI = {10.1016/S0550-3213(96)00612-8},
}
@book {NekThesis,
    AUTHOR = {Nekrasov, Nikita Alex},
     TITLE = {Four-dimensional holomorphic theories},
      NOTE = {Thesis (Ph.D.)--Princeton University},
 PUBLISHER = {ProQuest LLC, Ann Arbor, MI},
      YEAR = {1996},
     PAGES = {174},
      ISBN = {978-0591-07477-2},
   MRCLASS = {Thesis},
  MRNUMBER = {2694731},
       URL =
              {http://gateway.proquest.com/openurl?url_ver=Z39.88-2004&rft_val_fmt=info:ofi/fmt:kev:mtx:dissertation&res_dat=xri:pqdiss&rft_dat=xri:pqdiss:9701221},
}

@article {BeemEtAl,
    AUTHOR = {Beem, Christopher and Lemos, Madalena and Liendo, Pedro and
              Peelaers, Wolfger and Rastelli, Leonardo and van Rees, Balt
              C.},
     TITLE = {Infinite chiral symmetry in four dimensions},
   JOURNAL = {Comm. Math. Phys.},
  FJOURNAL = {Communications in Mathematical Physics},
    VOLUME = {336},
      YEAR = {2015},
    NUMBER = {3},
     PAGES = {1359--1433},
      ISSN = {0010-3616},
   MRCLASS = {81R40 (17B81)},
  MRNUMBER = {3324147},
MRREVIEWER = {Rutwig Campoamor-Stursberg},
       DOI = {10.1007/s00220-014-2272-x},
}

@book {BD,
    AUTHOR = {Beilinson, Alexander and Drinfeld, Vladimir},
     TITLE = {Chiral algebras},
    SERIES = {American Mathematical Society Colloquium Publications},
    VOLUME = {51},
 PUBLISHER = {American Mathematical Society},
   ADDRESS = {Providence, RI},
      YEAR = {2004},
     PAGES = {vi+375},
      ISBN = {0-8218-3528-9},
   MRCLASS = {17Bxx (14F43)},
  MRNUMBER = {2058353 (2005d:17007)},
MRREVIEWER = {Francisco J. Plaza Mart{\'{\i}}n},
}

@book {CosBook,
    AUTHOR = {Costello, Kevin},
     TITLE = {Renormalization and effective field theory},
    SERIES = {Mathematical Surveys and Monographs},
    VOLUME = {170},
 PUBLISHER = {American Mathematical Society},
   ADDRESS = {Providence, RI},
      YEAR = {2011},
     PAGES = {viii+251},
      ISBN = {978-0-8218-5288-0},
   MRCLASS = {81T15 (58Jxx 81T70)},
  MRNUMBER = {2778558},
}

@article {JohansenKM,
    AUTHOR = {Johansen, Andrei},
     TITLE = {Infinite conformal algebras in supersymmetric theories on
              four-manifolds},
   JOURNAL = {Nuclear Physics B},
  FJOURNAL = {Nuclear Physics. B. Theoretical, Phenomenological, and
              Experimental High Energy Physics. Quantum Field Theory and
              Statistical Systems},
    VOLUME = {436},
      YEAR = {1995},
    NUMBER = {1-2},
     PAGES = {291--341},
      ISSN = {0550-3213},
   MRCLASS = {81T60 (17B81 32J81 81R10)},
  MRNUMBER = {1316370},
MRREVIEWER = {Manuel Ma\~{n}as},
       DOI = {10.1016/0550-3213(94)00408-7},
}

@article {CDSW,
    AUTHOR = {Cachazo, Freddy and Douglas, Michael R. and Seiberg, Nathan
              and Witten, Edward},
     TITLE = {Chiral rings and anomalies in supersymmetric gauge theory},
   JOURNAL = {J. High Energy Phys.},
  FJOURNAL = {Journal of High Energy Physics. A SISSA Journal},
      YEAR = {2002},
    NUMBER = {12},
     PAGES = {071, 56},
      ISSN = {1126-6708},
   MRCLASS = {81T60 (81T13 81T50)},
  MRNUMBER = {1960462},
MRREVIEWER = {Radu Roiban},
       DOI = {10.1088/1126-6708/2002/12/071},
}

@article {JohansenHet,
    AUTHOR = {Johansen, A.},
     TITLE = {Twisting of {$\N=1$} {SUSY} gauge theories and heterotic
              topological theories},
   JOURNAL = {Internat. J. Modern Phys. A},
  FJOURNAL = {International Journal of Modern Physics A. Particles and
              Fields. Gravitation. Cosmology},
    VOLUME = {10},
      YEAR = {1995},
    NUMBER = {30},
     PAGES = {4325--4357},
      ISSN = {0217-751X},
   MRCLASS = {81T60 (32J81 53C25 53C80 81T70)},
  MRNUMBER = {1361999},
       DOI = {10.1142/S0217751X9500200X},
}

@article {Spiri3d,
    AUTHOR = {Dolan, F. A. H. and Spiridonov, V. P. and Vartanov, G. S.},
     TITLE = {From {$4{\rm d}$} superconformal indices to {$3{\rm d}$}
              partition functions},
   JOURNAL = {Phys. Lett. B},
  FJOURNAL = {Physics Letters. B. Particle Physics, Nuclear Physics and
              Cosmology},
    VOLUME = {704},
      YEAR = {2011},
    NUMBER = {3},
     PAGES = {234--241},
      ISSN = {0370-2693},
   MRCLASS = {81T60 (81T13)},
  MRNUMBER = {2843616},
MRREVIEWER = {Farhang Loran},
       DOI = {10.1016/j.physletb.2011.09.007},
}

@article {SpiriDual,
    AUTHOR = {Spiridonov, V. P. and Vartanov, G. S.},
     TITLE = {Elliptic hypergeometry of supersymmetric dualities},
   JOURNAL = {Comm. Math. Phys.},
  FJOURNAL = {Communications in Mathematical Physics},
    VOLUME = {304},
      YEAR = {2011},
    NUMBER = {3},
     PAGES = {797--874},
      ISSN = {0010-3616},
   MRCLASS = {81T60 (33C70 81R05)},
  MRNUMBER = {2794548},
MRREVIEWER = {Genkai Zhang},
       DOI = {10.1007/s00220-011-1218-9},
}

@article {Rom,
    AUTHOR = {R\"{o}melsberger, Christian},
     TITLE = {Counting chiral primaries in {$\N=1$}, {$d=4$}
              superconformal field theories},
   JOURNAL = {Nuclear Physics B},
  FJOURNAL = {Nuclear Physics. B. Theoretical, Phenomenological, and
              Experimental High Energy Physics. Quantum Field Theory and
              Statistical Systems},
    VOLUME = {747},
      YEAR = {2006},
    NUMBER = {3},
     PAGES = {329--353},
      ISSN = {0550-3213},
   MRCLASS = {81T40 (81T60)},
  MRNUMBER = {2241553},
MRREVIEWER = {Matthias D\"{o}rrzapf},
       DOI = {10.1016/j.nuclphysb.2006.03.037},
}

@article{AsselHopf,
      author         = "Assel, Benjamin and Cassani, Davide and Martelli, Dario",
      title          = "{Localization on Hopf surfaces}",
      journal        = "JHEP",
      volume         = "08",
      year           = "2014",
      pages          = "123",
      doi            = "10.1007/JHEP08(2014)123",
      eprint         = "1405.5144",
      archivePrefix  = "arXiv",
      primaryClass   = "hep-th",
      reportNumber   = "KCL-MTH-14-09",
      SLACcitation   = "%%CITATION = ARXIV:1405.5144;%%"
}

@article {LiPrimitive,
    AUTHOR = {Li, Changzheng and Li, Si and Saito, Kyoji and Shen, Yefeng},
     TITLE = {Mirror symmetry for exceptional unimodular singularities},
   JOURNAL = {J. Eur. Math. Soc. (JEMS)},
  FJOURNAL = {Journal of the European Mathematical Society (JEMS)},
    VOLUME = {19},
      YEAR = {2017},
    NUMBER = {4},
     PAGES = {1189--1229},
      ISSN = {1435-9855},
   MRCLASS = {14J33},
  MRNUMBER = {3626554},
MRREVIEWER = {Eduardo A. Gonzalez},
       DOI = {10.4171/JEMS/691},
}

@article{Yangian,
   AUTHOR = {Costello, Kevin},
     TITLE = {{S}upersymmetric gauge theory and the {Y}angian},
     archivePrefix={arXiv},
     eprint={1303.2632},
     primaryClass={hep-th},
     year={2013}
}

@article{Nahm,
      author         = "Nahm, Werner",
      title          = "Supersymmetries and their Representations",
      journal        = "Nucl. Phys.",
      volume         = "B135",
      year           = "1978",
      pages          = "149",
      doi            = "10.1016/0550-3213(78)90218-3",
}

@article{HoweHartwell,
      author         = "Howe, Paul S. and Hartwell, G. G.",
      title          = "A superspace survey",
      journal        = "Class. Quant. Grav.",
      volume         = "12",
      year           = "1995",
      pages          = "1823-1880",
      doi            = "10.1088/0264-9381/12/8/005",
}

@article {DolanOsborn,
    AUTHOR = {Dolan, F. A. and Osborn, H.},
     TITLE = {Applications of the superconformal index for protected
              operators and {$q$}-hypergeometric identities to {$\N=1$}
              dual theories},
   JOURNAL = {Nuclear Phys. B},
    VOLUME = {818},
      YEAR = {2009},
    NUMBER = {3},
     PAGES = {137--178},
      ISSN = {0550-3213},
   MRCLASS = {81T60 (33D80)},
  MRNUMBER = {2518083},
       DOI = {10.1016/j.nuclphysb.2009.01.028},
}
@article {Kac,
    AUTHOR = {Kac, V. G.},
     TITLE = {Lie superalgebras},
   JOURNAL = {Advances in Math.},
  FJOURNAL = {Advances in Mathematics},
    VOLUME = {26},
      YEAR = {1977},
    NUMBER = {1},
     PAGES = {8--96},
      ISSN = {0001-8708},
   MRCLASS = {17B10 (17B65)},
  MRNUMBER = {486011},
MRREVIEWER = {H. de Vries},
       DOI = {10.1016/0001-8708(77)90017-2},
}
@article {VongDuc77,
    AUTHOR = {Dao Vong Duc},
     TITLE = {Conformal transformations in superspace},
   JOURNAL = {Ann. Inst. H. Poincar\'{e} Sect. A (N.S.)},
  FJOURNAL = {Annales de l'Institut Henri Poincar\'{e}. Section A. Physique
              Th\'{e}orique. Nouvelle S\'{e}rie},
    VOLUME = {27},
      YEAR = {1977},
    NUMBER = {4},
     PAGES = {425--434},
      ISSN = {0246-0211},
   MRCLASS = {81.22 (17A30)},
  MRNUMBER = {464937},
MRREVIEWER = {Martine J. Perrin},
}

@book {Fuks,
    AUTHOR = {Fuks, D. B.},
     TITLE = {Cohomology of infinite-dimensional {L}ie algebras},
    SERIES = {Contemporary Soviet Mathematics},
      NOTE = {Translated from the Russian by A. B. Sosinski{\u\i}},
 PUBLISHER = {Consultants Bureau, New York},
      YEAR = {1986},
     PAGES = {xii+339},
      ISBN = {0-306-10990-5},
   MRCLASS = {17-02 (17B56 17B65)},
  MRNUMBER = {874337},
}

@article {LosikDiag,
    AUTHOR = {Losik, Mark V.},
     TITLE = {Diagonal cohomology of the {L}ie algebra of vector fields},
   JOURNAL = {Differential Geom. Appl.},
  FJOURNAL = {Differential Geometry and its Applications},
    VOLUME = {8},
      YEAR = {1998},
    NUMBER = {1},
     PAGES = {71--86},
      ISSN = {0926-2245},
   MRCLASS = {17B56 (17B66)},
  MRNUMBER = {1601530},
MRREVIEWER = {Miguel A. Rodr\'\i guez},
       DOI = {10.1016/S0926-2245(97)00021-1},
}

@article{KH, 
AUTHOR = {Hennion, Benjamin and Kapranov, Mikhail},
TITLE = {Gelfand--{F}uchs cohomology in algebraic geometry and factorization algebras},
EPRINT = {1811.05032},
archiveprefix = {arXiv},
year={2018}
}

@article {Guillemin,
    AUTHOR = {Guillemin, Victor W.},
     TITLE = {Cohomology of vector fields on a manifold},
   JOURNAL = {Advances in Math.},
  FJOURNAL = {Advances in Mathematics},
    VOLUME = {10},
      YEAR = {1973},
     PAGES = {192--220},
      ISSN = {0001-8708},
   MRCLASS = {58H05 (57D25)},
  MRNUMBER = {0331445},
MRREVIEWER = {J. P. Wilson},
       DOI = {10.1016/0001-8708(73)90108-4},
}

@article {Bernstein,
    AUTHOR = {Bernstein, I. N. and Rosenfeld, B. I.},
     TITLE = {Homogeneous spaces of infinite-dimensional {L}ie algebras and
              the characteristic classes of foliations},
   JOURNAL = {Uspehi Mat. Nauk},
  FJOURNAL = {Akademiya Nauk SSSR i Moskovskoe Matematicheskoe Obshchestvo.
              Uspekhi Matematicheskikh Nauk},
    VOLUME = {28},
      YEAR = {1973},
    NUMBER = {4(172)},
     PAGES = {103--138},
      ISSN = {0042-1316},
   MRCLASS = {57D30 (58B20 58H05)},
  MRNUMBER = {0415633},
MRREVIEWER = {B. Cenkl},
}

@article {AB,
    AUTHOR = {Atiyah, M. F. and Bott, R.},
     TITLE = {A {L}efschetz fixed point formula for elliptic complexes. {I}},
   JOURNAL = {Ann. of Math. (2)},
  FJOURNAL = {Annals of Mathematics. Second Series},
    VOLUME = {86},
      YEAR = {1967},
     PAGES = {374--407},
      ISSN = {0003-486X},
   MRCLASS = {57.50},
  MRNUMBER = {0212836},
MRREVIEWER = {R. S. Palais},
       DOI = {10.2307/1970694},
}

@article {Karabali,
    AUTHOR = {Karabali, Dimitra and Schnitzer, Howard J.},
     TITLE = {B{RST} quantization of the gauged {WZW} action and coset
              conformal field theories},
   JOURNAL = {Nuclear Phys. B},
  FJOURNAL = {Nuclear Physics. B. Theoretical, Phenomenological, and
              Experimental High Energy Physics. Quantum Field Theory and
              Statistical Systems},
    VOLUME = {329},
      YEAR = {1990},
    NUMBER = {3},
     PAGES = {649--666},
      ISSN = {0550-3213},
   MRCLASS = {81T70 (17B81 81T40)},
  MRNUMBER = {1034645},
MRREVIEWER = {Robert B. Mann},
       DOI = {10.1016/0550-3213(90)90075-O},
}

@article{PTVV,
  title={Shifted symplectic structures},
  author={Pantev, Tony and To{\"e}n, Bertrand and Vaqui{\'e}, Michel and Vezzosi, Gabriele},
  journal={Publications math{\'e}matiques de l'IH{\'E}S},
  volume={117},
  number={1},
  pages={271--328},
  year={2013},
  publisher={Springer}
}

@incollection {Anderson,
    AUTHOR = {Anderson, Ian M.},
     TITLE = {Introduction to the variational bicomplex},
 BOOKTITLE = {Mathematical aspects of classical field theory ({S}eattle,
              {WA}, 1991)},
    SERIES = {Contemp. Math.},
    VOLUME = {132},
     PAGES = {51--73},
 PUBLISHER = {Amer. Math. Soc., Providence, RI},
      YEAR = {1992},
   MRCLASS = {58E20 (49N45 58A20 58A25)},
  MRNUMBER = {1188434},
MRREVIEWER = {Gerard Thompson},
       DOI = {10.1090/conm/132/1188434},
       URL = {https://doi.org/10.1090/conm/132/1188434},
}

@article {GK,
    AUTHOR = {Gelfand, I. M. and Ka{\v{z}}dan, D. A.},
     TITLE = {Certain questions of differential geometry and the computation
              of the cohomologies of the {L}ie algebras of vector fields},
   JOURNAL = {Dokl. Akad. Nauk SSSR},
  FJOURNAL = {Doklady Akademii Nauk SSSR},
    VOLUME = {200},
      YEAR = {1971},
     PAGES = {269--272},
      ISSN = {0002-3264},
   MRCLASS = {57.34},
  MRNUMBER = {0287566},
MRREVIEWER = {A. Verona},
}

@article {GF,
    AUTHOR = {Gelfand, I. M. and Fuks, D. B.},
     TITLE = {Cohomologies of the {L}ie algebra of formal vector fields},
   JOURNAL = {Izv. Akad. Nauk SSSR Ser. Mat.},
  FJOURNAL = {Izvestiya Akademii Nauk SSSR. Seriya Matematicheskaya},
    VOLUME = {34},
      YEAR = {1970},
     PAGES = {322--337},
      ISSN = {0373-2436},
   MRCLASS = {55.30 (57.00)},
  MRNUMBER = {0266195},
MRREVIEWER = {W. Vogel},
}

@unpublished {GG3,
   AUTHOR = {Grady, Ryan and Gwilliam, Owen},
     TITLE = {Lie algebroids as $L$-infinity spaces},
NOTE = {available at \url{http://arxiv.org/abs/1604.00711}},
}

@unpublished{GGW,
AUTHOR = {Gwilliam, Owen and Gorbounov, Vassily and Williams, Brian},
TITLE = {{C}hiral differential operators via {B}atalin-{V}ilkovisky quantization},
Note = {Available at \url{https://arxiv.org/abs/1610.09657}},
}

@unpublished{SiZhengpingKai,
AUTHOR = {Gui, Zhengping and Li, Si and Xu, Kai},
TITLE = {{G}eometry of {L}ocalized {E}ffective {T}heory, {E}xact {S}emi-classical {A}pproximation and {A}lgebraic {I}ndex},
Note = {Available at \url{http://arxiv.org/abs/1911.11173}},
}
